@article{Rosn:GLyn:Lee:inco:2003,
  title={Incorporation of Clustering Effects for the Wilcoxon Rank Sum Test: A Large-Sample Approach},
  author={Rosner, Bernard and Glynn, Robert J and Lee, Mei-Ling T},
  journal={Biometrics},
  volume={59},
  number={4},
  pages={1089--1098},
  year={2003},
  publisher={Wiley Online Library}
}

@article{Roxn:Glyn:Lee:wilc:2006,
  title={The Wilcoxon Signed Rank Test for Paired Comparisons of Clustered Data},
  author={Rosner, Bernard and Glynn, Robert J and Lee, Mei-Ling T},
  journal={Biometrics},
  volume={62},
  number={1},
  pages={185--192},
  year={2006},
  publisher={Wiley Online Library}
}

@article{Ferr:Sedd:phen:2015,
author = {Ferrara D and Seddon JM},
title = {Phenotypic Characterization of Complement Factor H R1210C Rare Genetic Variant in Age-Related Macular Degeneration},
journal = {JAMA Ophthalmology},
volume = {133},
number = {7},
pages = {785-791},
year = {2015},
doi = {10.1001/jamaophthalmol.2015.0814},
URL = { + http://dx.doi.org/10.1001/jamaophthalmol.2015.0814},
eprint = {/data/Journals/OPHTH/934175/eoi150027.pdf}
}
