@article{Rosn:GLyn:Lee:inco:2003,
  title={Incorporation of Clustering Effects for the Wilcoxon Rank Sum Test: A Large-Sample Approach},
  author={Rosner, Bernard and Glynn, Robert J and Lee, Mei-Ling T},
  journal={Biometrics},
  volume={59},
  number={4},
  pages={1089--1098},
  year={2003},
  publisher={Wiley Online Library}
}

@article{Roxn:Glyn:Lee:wilc:2006,
  title={The Wilcoxon Signed Rank Test for Paired Comparisons of Clustered Data},
  author={Rosner, Bernard and Glynn, Robert J and Lee, Mei-Ling T},
  journal={Biometrics},
  volume={62},
  number={1},
  pages={185--192},
  year={2006},
  publisher={Wiley Online Library}
}

@article{Ferr:Sedd:phen:2015,
author = {Ferrara, Daniela and Seddon, Johanna M},
title = {Phenotypic Characterization of Complement Factor H R1210C Rare Genetic Variant in Age-Related Macular Degeneration},
journal = {JAMA Ophthalmology},
volume = {133},
number = {7},
pages = {785-791},
year = {2015},
doi = {10.1001/jamaophthalmol.2015.0814},
URL = { + http://dx.doi.org/10.1001/jamaophthalmol.2015.0814},
eprint = {/data/Journals/OPHTH/934175/eoi150027.pdf}
}

@article{Sedd:Shar:Adel:eval:2006,
  title={Evaluation of the Clinical Age-related Maculopathy Staging System},
  author={Seddon, Johanna M and Sharma, Sanjay and Adelman, Ron A},
  journal={Ophthalmology},
  volume={113},
  number={2},
  pages={260--266},
  year={2006},
  publisher={Elsevier}
}


@article{Donn:Bant:anal:1988,
author = {Donner, A. and Banting, D.}, 
title = {Analysis of Site-specific Data in Dental Studies},
volume = {67}, 
number = {11}, 
pages = {1392-1395}, 
year = {1988}, 
doi = {10.1177/00220345880670110601}, 
journal = {Journal of Dental Research} 
}

@article{Datt:Satt:rank:2005,
author = {Datta, S,omnath and Satten, Glen A.},
title = {Rank-Sum Tests for Clustered Data},
journal = {Journal of the American Statistical Association},
volume = {100},
number = {471},
pages = {908-915},
year = {2005},
doi = {10.1198/016214504000001583}
}

@article {Datt:Satt:sign:2008,
author = {Datta, Somnath and Satten, Glen A.},
title = {A Signed-Rank Test for Clustered Data},
journal = {Biometrics},
volume = {64},
number = {2},
publisher = {Blackwell Publishing Inc},
issn = {1541-0420},
url = {http://dx.doi.org/10.1111/j.1541-0420.2007.00923.x},
doi = {10.1111/j.1541-0420.2007.00923.x},
pages = {501--507},
year = {2008},
}

@incollection{Laro:wilc:2005,
year={2005},
isbn={978-0-387-24554-6},
booktitle={Statistical Modeling and Analysis for Complex Data Problems},
editor={Duchesne, Pierre and RÃ‰Millard, Bruno},
doi={10.1007/0-387-24555-3_15},
title={The Wilcoxon Signed-Rank Test for Cluster Correlated Data},
url={http://dx.doi.org/10.1007/0-387-24555-3_15},
publisher={Springer US},
author={Larocque, Denis},
pages={309-323},
language={English}
}

